
@Article{low-cost_daq,
  author       = {F.J. Ferrero Martín and M. Valledor Llopis and J.C. Campo Rodríguez and J.R. Blanco González and J. Menéndez Blanco},
  date         = {24.05.2014},
  journaltitle = {Science Direct},
  title        = {Low-cost open-source multifunction data acquisition systemfor accurate measurements},
  url          = {https://www.sciencedirect.com/science/article/abs/pii/S0263224114002206},
}
